@misc{transferlearning, 
 	title={Transfer learning for computer vision tutorial},
	journal={Transfer Learning for Computer Vision Tutorial - PyTorch Tutorials 2.0.0+cu117 documentation},
	author={Chilamkurthy, Sasank},
	howpublished = {\url{https://pytorch.org/tutorials/beginner/transfer_learning_tutorial.html}},
}

@misc{training,
	title={Training a classifier},
	journal={Training a classifier - PyTorch Tutorials 2.0.0+cu117 documentation},
	author={PyTorch},
	howpublished={\url{https://pytorch.org/tutorials/beginner/blitz/cifar10_tutorial.html}},
}
